{1:F01BANK BTN}{2:I940PT TOKOPEDIA}{4:
:20:123456789
:25:001401300018075
:28C:220412/00014
:60F:C220412IDR100000
:61:220412C10000NTRFNONREF//220412300000987654321
:86:987654321 PLS2123643239                                             
:61:220412C10000NTRFNONREF//220412300000987654321
:86:987654321 TKP1644336563                                                                                          
:62F:C220412IDR120000
-}