{1:F01CIMB NIAGA}{2:I940PT NASABAH}{4:
:20:20220413030008
:25:800052048200
:28C:102
:60F:C220412IDR100000,35
:61:220412C10000,00NTRF
:86:OCTOmobile  TRF FR MONKEY D Luffy 6281234567890        CIMB Niaga               
:61:220412C10000,00NTRF
:86:OCTOmobile  TRF FR RONOROA ZORO 6280987654321        CIMB Niaga                 
:62F:C220412IDR120000,35
-}
